@misc{worldhealthorganization_2021_cardiovascular,
  author = {World Health Organization},
  month = {06},
  publisher = {World Health Organization: WHO},
  title = {Cardiovascular Diseases (CVDs)},
  url = {https://www.who.int/news-room/fact-sheets/detail/cardiovascular-diseases-(cvds)},
  urldate = {2021-11-14},
  year = {2021},
  organization = {World Health Organization}
}